%% This BibTeX bibliography file was created using BibDesk.

% image formats
@book{cwayne1995graphicsfileformats,
	title		= {Graphics file formats: reference and guide},
	author		= {C Wayne Brown},
	publisher	= {Manning Publications},
	isbn		= {1884777007},
	year		= {1995}
}

% Redes neurais
@article{mcculloch-pitt,
	author = {Warren S. McCulloch and Walter H. Pitts},
	title = {A Logical Calculus of the Ideas Immanent in Nervous Activity},
	year	= 1943,
	journal = {Bulletin of Mathematical Biophysics},
	volume = 5,
	pages = {115-133}
}

@book{russel,
	author = {Russell, Stuart J. and Norvig, Peter},
	edition = {Third},
	keywords = {ai, da, planning, project-planning},
	priority = {0},
	publisher = {Prentice Hall},
	series = {Prentice Hall series in artificial intelligence},
	title = {{Artificial Intelligence: A Modern Approach}},
	year = {2009}
}

% LSB and lsb matching
@article{lsb_matching_revised,
	title={LSB matching revisited},
	author={Mielikainen, Jarno},
	journal={IEEE signal processing letters},
	volume={13},
	number={5},
	pages={285--287},
	year={2006},
	publisher={IEEE}
}

@article{ker,
	author	= {Andrew D. Ker}, 
	title	= {Improved Detection of LSB Steganography in Grayscale Images},
	howpublished = {Fridrich J. (eds) Information Hiding},
	publisher = {Springer},
	journal	= {Lecture Notes in Computer Science},
	year	= 2014,
	volume	= 3200
}


% HUGO
@article{hugo,
	title={Using high-dimensional image models to perform highly undetectable steganography},
	author={Pevn{\`y}, Tom{\'a}{\v{s}} and Filler, Tom{\'a}{\v{s}} and Bas, Patrick},
	booktitle={International Workshop on Information Hiding},
	pages={161--177},
	year={2010},
	organization={Springer}
}

@article{li2011survey,
	title={A survey on image steganography and steganalysis},
	author={Li, Bin and He, Junhui and Huang, Jiwu and Shi, Yun Qing},
	journal={Journal of Information Hiding and Multimedia Signal Processing},
	volume={2},
	number={2},
	pages={142--172},
	year={2011}
}

@article{anderson1996,
	author = {Anderson, Ross J.},
	title = {Stretching the Limits of Steganography},
	booktitle = {Proceedings of the First International Workshop on Information Hiding},
	year = {1996},
	isbn = {3-540-61996-8},
	pages = {39--48},
	numpages = {10},
	url = {http://dl.acm.org/citation.cfm?id=647594.731520},
	acmid = {731520},
	publisher = {Springer-Verlag},
	address = {London, UK, UK},
} 

@article{adams2008,
	author	= {Peter Adams}, 
	title	= {Ying Wang and Pierre Moulin},
	journal	= {IEEE Transactions on Information Theory},
	year	= 2008,
	month	= 6,
	volume	= 54
}

@article{ryabko2009,
	author = {Ryabko, B. Ya. and Ryabko, D. B.},
	title = {Asymptotically Optimal Perfect Steganographic Systems},
	journal = {Probl. Inf. Transm.},
	issue_date = {June      2009},
	volume = {45},
	number = {2},
	month = jun,
	year = {2009},
	issn = {0032-9460},
	pages = {184--190},
	numpages = {7},
	url = {http://dx.doi.org/10.1134/S0032946009020094},
	doi = {10.1134/S0032946009020094},
	acmid = {1574551},
	publisher = {Plenum Press},
	address = {New York, NY, USA},
} 


@article{trelliscode,
	author	= {Tomáš Filler and Jan Judas and Jessica Fridrich}, 
	title	= {Minimizing Embedding Impact in Steganography Using Trellis-coded Quantization},
	journal	= {Media Forensics and Security II},
	year	= 2010,
	month	= 1,
	volume	= 7541
}

@article{fridrich2007steganography,
	author	= {Jessica Fridrich and Tomas Filler}, 
	title	= {Practical methods for minimizing embedding impact in steganography},
	journal	= {SPIE 6505, Security, Steganography, and Watermarking of Multimedia Contents IX},
	year	= 2007,
	month	= 2,
	volume	= 6505
}

@article{anderson1998limits,
	title={On the limits of steganography},
	author={Anderson, Ross J and Petitcolas, Fabien AP},
	journal={Selected Areas in Communications, IEEE Journal on},
	volume={16},
	number={4},
	pages={474--481},
	year={1998},
	publisher={IEEE}
}

@article{bender1996techniques,
	title={Techniques for data hiding},
	author={Bender, Walter and Gruhl, Daniel and Morimoto, Norishige and Lu, Anthony},
	journal={IBM systems journal},
	volume={35},
	number={3.4},
	pages={313--336},
	year={1996},
	publisher={IBM}
}

@article{johnson1998exploring,
	title={Exploring steganography: Seeing the unseen},
	author={Johnson, Neil F and Jajodia, Sushil},
	journal={Computer},
	volume={31},
	number={2},
	pages={26--34},
	year={1998},
	publisher={IEEE}
}

@book{DIPbook,
	author	  = {Gonzalez, Rafael C and Woods, Richard E},
	title	   = {Digital Image Processing},
	publisher = " Addison-Wesley",
	year	    = "2008",
}

@phdthesis{lai1992design,
	title={On the design and security of block ciphers},
	author={Lai, Xuejia},
	year={1992},
	school={Diss. Techn. Wiss ETH Z{\"u}rich, Nr. 9752, 1992. Ref.: JL Massey; Korref.: H. B{\"u}hlmann}
}

@book{wayner2009disappearing,
	title={Disappearing cryptography: information hiding: steganography \& watermarking},
	author={Wayner, Peter},
	year={2009},
	publisher={Morgan Kaufmann}
}

@inproceedings{fridrich2002practical,
	title={Practical steganalysis of digital images: state of the art},
	author={Fridrich, Jessica and Goljan, Miroslav},
	booktitle={Electronic Imaging 2002},
	pages={1--13},
	year={2002},
	organization={International Society for Optics and Photonics}
}

@article{petitcolas1999information,
	title={Information hiding-a survey},
	author={Petitcolas, Fabien AP and Anderson, Ross J and Kuhn, Markus G},
	journal={Proceedings of the IEEE},
	volume={87},
	number={7},
	pages={1062--1078},
	year={1999},
	publisher={IEEE}
}

@article{flickner1995query,
	title={Query by image and video content: The QBIC system},
	author={Flickner, Myron and Sawhney, Harpreet and Niblack, Wayne and Ashley, Jonathan and Huang, Qian and Dom, Byron and Gorkani, Monika and Hafner, Jurgen and Lee, Denis and Petkovic, Dragutin and others},
	journal={Computer},
	volume={28},
	number={9},
	pages={23--32},
	year={1995},
	publisher={IEEE}
}

@book{paar2009understanding,
	title={Understanding cryptography: a textbook for students and practitioners},
	author={Paar, Christof and Pelzl, Jan},
	year={2009},
	publisher={Springer Science \& Business Media}
}

@inproceedings{westfeld1999attacks,
	title={Attacks on steganographic systems},
	author={Westfeld, Andreas and Pfitzmann, Andreas},
	booktitle={Information Hiding},
	pages={61--76},
	year={1999},
	organization={Springer}
}

@article{samet1984quadtree,
	title={The quadtree and related hierarchical data structures},
	author={Samet, Hanan},
	journal={ACM Computing Surveys (CSUR)},
	volume={16},
	number={2},
	pages={187--260},
	year={1984},
	publisher={ACM}
}

@book{fridrich2009steganography,
	author = {Fridrich, Jessica},
	title = {Steganography in Digital Media: Principles, Algorithms, and Applications},
	year = {2009},
	isbn = {0521190193, 9780521190190},
	edition = {1st},
	publisher = {Cambridge University Press},
	address = {New York, NY, USA},
}

@book{jpeg2000,
	author = {Taubman, David S. and Marcellin, Michael W.},
	title = {JPEG 2000: Image Compression Fundamentals, Standards and Practice},
	year = {2001},
	isbn = {079237519X},
	publisher = {Kluwer Academic Publishers},
	address = {Norwell, MA, USA},
} 

@book{cox2007digital,
	title={Digital watermarking and steganography},
	author={Cox, Ingemar and Miller, Matthew and Bloom, Jeffrey and Fridrich, Jessica and Kalker, Ton},
	year={2007},
	publisher={Morgan Kaufmann}
}

@article{cachin2004information,
	title={An information-theoretic model for steganography},
	author={Cachin, Christian},
	journal={Information and Computation},
	volume={192},
	number={1},
	pages={41--56},
	year={2004},
	publisher={Elsevier}
}

@inproceedings{fridrich2007practical,
	title={Practical methods for minimizing embedding impact in steganography},
	author={Fridrich, Jessica and Filler, Tomas},
	booktitle={Electronic Imaging 2007},
	pages={650502--650502},
	year={2007},
	organization={International Society for Optics and Photonics}
}

% mipod
@article{sedighi2016content,
	title={Content-adaptive steganography by minimizing statistical detectability},
	author={Sedighi, Vahid and Cogranne, R{\'e}mi and Fridrich, Jessica},
	journal={IEEE Transactions on Information Forensics and Security},
	volume={11},
	number={2},
	pages={221--234},
	year={2016},
	publisher={IEEE}
}

@book{bohme2010advanced,
	title={Advanced statistical steganalysis},
	author={B{\"o}hme, Rainer},
	year={2010},
	publisher={Springer Science \& Business Media}
}

@article{holub2014universal,
	title={Universal distortion function for steganography in an arbitrary domain},
	author={Holub, Vojt{\v{e}}ch and Fridrich, Jessica and Denemark, Tom{\'a}{\v{s}}},
	journal={EURASIP Journal on Information Security},
	volume={2014},
	number={1},
	pages={1},
	year={2014},
	publisher={Springer}
}

@inproceedings{holub2012designing,
	title={Designing steganographic distortion using directional filters},
	author={Holub, Vojtech and Fridrich, Jessica},
	booktitle={Information Forensics and Security (WIFS), 2012 IEEE International Workshop on},
	pages={234--239},
	year={2012},
	organization={IEEE}
}

% SPAM
@article{spam,
	title={Steganalysis by subtractive pixel adjacency matrix},
	author={Pevny, Tom{\'a}{\v{s}} and Bas, Patrick and Fridrich, Jessica},
	journal={IEEE Transactions on information Forensics and Security},
	volume={5},
	number={2},
	pages={215--224},
	year={2010},
	publisher={IEEE}
}

@article{fridrich2012rich,
	title={Rich models for steganalysis of digital images},
	author={Fridrich, Jessica and Kodovsky, Jan},
	journal={IEEE Transactions on Information Forensics and Security},
	volume={7},
	number={3},
	pages={868--882},
	year={2012},
	publisher={IEEE}
}

@article{pibre2016deep,
	title={Deep learning is a good steganalysis tool when embedding key is reused for different images, even if there is a cover sourcemismatch},
	author={Pibre, Lionel and Pasquet, J{\'e}r{\^o}me and Ienco, Dino and Chaumont, Marc},
	journal={Electronic Imaging},
	volume={2016},
	number={8},
	pages={1--11},
	year={2016},
	publisher={Society for Imaging Science and Technology}
}

@article{wu2017deep,
	title={Deep residual learning for image steganalysis},
	author={Wu, Songtao and Zhong, Shenghua and Liu, Yan},
	journal={Multimedia Tools and Applications},
	pages={1--17},
	year={2017},
	publisher={Springer}
}

@article{cnn_base,
	title={Structural design of convolutional neural networks for steganalysis},
	author={Xu, Guanshuo and Wu, Han-Zhou and Shi, Yun-Qing},
	journal={IEEE Signal Processing Letters},
	volume={23},
	number={5},
	pages={708--712},
	year={2016},
	publisher={IEEE}
}

@inproceedings{xu2016ensemble,
	title={Ensemble of CNNs for steganalysis: an empirical study},
	author={Xu, Guanshuo and Wu, Han-Zhou and Shi, Yun Q},
	booktitle={Proceedings of the 4th ACM Workshop on Information Hiding and Multimedia Security},
	pages={103--107},
	year={2016},
	organization={ACM}
}

@article{filler2010gibbs,
	title={Gibbs construction in steganography},
	author={Filler, Tom{\'a}{\v{s}} and Fridrich, Jessica},
	journal={IEEE Transactions on Information Forensics and Security},
	volume={5},
	number={4},
	pages={705--720},
	year={2010},
	publisher={IEEE}
}

@article{couchot2016,
	title={Improving Blind Steganalysis in Spatial Domain using a Criterion to Choose the Appropriate Steganalyzer between CNN and SRM+ EC},
	author={Couchot, Jean-Francois and Salomon, Michel and Couturier, Rapha{\"e}l},
	journal={arXiv preprint arXiv:1612.08882},
	year={2016}
}

@inproceedings{bas2011break,
	title={"Break Our Steganographic System": The Ins and Outs of Organizing BOSS},
	author={Bas, Patrick and Filler, Tom{\'a}{\v{s}} and Pevn{\`y}, Tom{\'a}{\v{s}}},
	booktitle={International Workshop on Information Hiding},
	pages={59--70},
	year={2011},
	organization={Springer}
}

@inproceedings{tan2014stacked,
	title={Stacked convolutional auto-encoders for steganalysis of digital images},
	author={Tan, Shunquan and Li, Bin},
	booktitle={Asia-Pacific Signal and Information Processing Association, 2014 Annual Summit and Conference (APSIPA)},
	pages={1--4},
	year={2014},
	organization={IEEE}
}

@inproceedings{qian2015deep,
	title={Deep learning for steganalysis via convolutional neural networks},
	author={Qian, Yinlong and Dong, Jing and Wang, Wei and Tan, Tieniu},
	booktitle={SPIE/IS\&T Electronic Imaging},
	pages={94090J--94090J},
	year={2015},
	organization={International Society for Optics and Photonics}
	}
	
@inproceedings{denemark2014selection,
	title={Selection-channel-aware rich model for steganalysis of digital images},
	author={Denemark, Tomas and Sedighi, Vahid and Holub, Vojtech and Cogranne, R{\'e}mi and Fridrich, Jessica},
	booktitle={Information Forensics and Security (WIFS), 2014 IEEE International Workshop on},
	pages={48--53},
	year={2014},
	organization={IEEE}
}

@inproceedings{sharp2001implementation,
	title={An implementation of key-based digital signal steganography},
	author={Sharp, Toby},
	booktitle={International Workshop on Information Hiding},
	pages={13--26},
	year={2001},
	organization={Springer}
}

@inproceedings{li2014new,
	title={A new cost function for spatial image steganography},
	author={Li, Bin and Wang, Ming and Huang, Jiwu and Li, Xiaolong},
	booktitle={Image Processing (ICIP), 2014 IEEE International Conference on},
	pages={4206--4210},
	year={2014},
	organization={IEEE}
}

@article{kodovsky2012ensemble,
	title={Ensemble classifiers for steganalysis of digital media},
	author={Kodovsky, Jan and Fridrich, Jessica and Holub, Vojt{\v{e}}ch},
	journal={IEEE Transactions on Information Forensics and Security},
	volume={7},
	number={2},
	pages={432--444},
	year={2012},
	publisher={IEEE}
}

@misc{tensorflow2015-whitepaper,
	title={ {TensorFlow}: Large-Scale Machine Learning on Heterogeneous Systems},
	url={http://tensorflow.org/},
	note={Software available from tensorflow.org},
	author={
		Mart\'{\i}n~Abadi and
		Ashish~Agarwal and
		Paul~Barham and
		Eugene~Brevdo and
		Zhifeng~Chen and
		Craig~Citro and
		Greg~S.~Corrado and
		Andy~Davis and
		Jeffrey~Dean and
		Matthieu~Devin and
		Sanjay~Ghemawat and
		Ian~Goodfellow and
		Andrew~Harp and
		Geoffrey~Irving and
		Michael~Isard and
		Yangqing Jia and
		Rafal~Jozefowicz and
		Lukasz~Kaiser and
		Manjunath~Kudlur and
		Josh~Levenberg and
		Dan~Man\'{e} and
		Rajat~Monga and
		Sherry~Moore and
		Derek~Murray and
		Chris~Olah and
		Mike~Schuster and
		Jonathon~Shlens and
		Benoit~Steiner and
		Ilya~Sutskever and
		Kunal~Talwar and
		Paul~Tucker and
		Vincent~Vanhoucke and
		Vijay~Vasudevan and
		Fernanda~Vi\'{e}gas and
		Oriol~Vinyals and
		Pete~Warden and
		Martin~Wattenberg and
		Martin~Wicke and
		Yuan~Yu and
		Xiaoqiang~Zheng},
	year={2015}
}

@inproceedings{kodovsky2011dangers,
	title={On dangers of overtraining steganography to incomplete cover model},
	author={Kodovsky, Jan and Fridrich, Jessica and Holub, Vojtech},
	booktitle={Proceedings of the thirteenth ACM multimedia workshop on Multimedia and security},
	pages={69--76},
	year={2011},
	organization={ACM}
}

@article{lecun2015deep,
  title={Deep learning},
  author={LeCun, Yann and Bengio, Yoshua and Hinton, Geoffrey},
  journal={Nature},
  volume={521},
  number={7553},
  pages={436--444},
  year={2015},
  publisher={Nature Research}
}

@book{lipschutz1998schaum,
  title={Schaum's Outline of Introduction to Probability and Statistics},
  author={Lipschutz, Seymour and Schiller, John J},
  year={1998},
  publisher={McGraw Hill Professional}
}

% good deep learning
@inproceedings{lecun1990handwritten,
  title={Handwritten digit recognition with a back-propagation network},
  author={LeCun, Yann and Boser, Bernhard E and Denker, John S and Henderson, Donnie and Howard, Richard E and Hubbard, Wayne E and Jackel, Lawrence D},
  booktitle={Advances in neural information processing systems},
  pages={396--404},
  year={1990}
}

@article{lecun1998gradient,
  title={Gradient-based learning applied to document recognition},
  author={LeCun, Yann and Bottou, L{\'e}on and Bengio, Yoshua and Haffner, Patrick},
  journal={Proceedings of the IEEE},
  volume={86},
  number={11},
  pages={2278--2324},
  year={1998},
  publisher={IEEE}
}

@article{chen2015standard,
  title={Standard plane localization in fetal ultrasound via domain transferred deep neural networks},
  author={Chen, Hao and Ni, Dong and Qin, Jing and Li, Shengli and Yang, Xin and Wang, Tianfu and Heng, Pheng Ann},
  journal={IEEE journal of biomedical and health informatics},
  volume={19},
  number={5},
  pages={1627--1636},
  year={2015},
  publisher={IEEE}
}

@article{lu2016wound,
  title={Wound intensity correction and segmentation with convolutional neural networks},
  author={Lu, Huimin and Li, Bin and Zhu, Junwu and Li, Yujie and Li, Yun and Xu, Xing and He, Li and Li, Xin and Li, Jianru and Serikawa, Seiichi},
  journal={Concurrency and Computation: Practice and Experience},
  year={2016},
  publisher={Wiley Online Library}
}

@article{zhong2016field,
  title={Field Effect Deep Networks for Image Recognition with Incomplete Data},
  author={Zhong, Sheng-Hua and Liu, Yan and Hua, Kien A},
  journal={ACM Transactions on Multimedia Computing, Communications, and Applications (TOMM)},
  volume={12},
  number={4},
  pages={52},
  year={2016},
  publisher={ACM}
}

@article{lawrence1997face,
  title={Face recognition: A convolutional neural-network approach},
  author={Lawrence, Steve and Giles, C Lee and Tsoi, Ah Chung and Back, Andrew D},
  journal={IEEE transactions on neural networks},
  volume={8},
  number={1},
  pages={98--113},
  year={1997},
  publisher={IEEE}
}

@Article{Breiman1996,
author="Breiman, Leo",
title="Bagging predictors",
journal="Machine Learning",
year="1996",
month="Aug",
day="01",
volume="24",
number="2",
pages="123--140",
issn="1573-0565",
doi="10.1007/BF00058655",
url="https://doi.org/10.1007/BF00058655"
}

@inproceedings{ker2013moving,
	title={Moving steganography and steganalysis from the laboratory into the real world},
	author={Ker, Andrew D and Bas, Patrick and B{\"o}hme, Rainer and Cogranne, R{\'e}mi and Craver, Scott and Filler, Tom{\'a}{\v{s}} and Fridrich, Jessica and Pevn{\`y}, Tom{\'a}{\v{s}}},
	booktitle={Proceedings of the first ACM workshop on Information hiding and multimedia security},
	pages={45--58},
	year={2013},
	organization={ACM}
}

@article{sedighi2017histogram,
	title={Histogram layer, moving convolutional neural networks towards feature-based steganalysis},
	author={Sedighi, Vahid and Fridrich, Jessica},
	journal={Electronic Imaging},
	volume={2017},
	number={7},
	pages={50--55},
	year={2017},
	publisher={Society for Imaging Science and Technology}
}

@article{denemark2016improving,
  title={Improving selection-channel-aware steganalysis features},
  author={Denemark, Tom{\'a}{\v{s}} and Fridrich, Jessica and Comesa{\~n}a-Alfaro, Pedro},
  journal={Electronic Imaging},
  volume={2016},
  number={8},
  pages={1--8},
  year={2016},
  publisher={Society for Imaging Science and Technology}
}

@book{bishop2006pattern,
  title={Pattern recognition and machine learning},
  author={Bishop, Christopher M},
  year={2006},
  publisher={springer}
}

@article{batch_normalization,
  author    = {Sergey Ioffe and
               Christian Szegedy},
  title     = {Batch Normalization: Accelerating Deep Network Training by Reducing
               Internal Covariate Shift},
  journal   = {CoRR},
  volume    = {abs/1502.03167},
  year      = {2015},
  url       = {http://arxiv.org/abs/1502.03167},
  archivePrefix = {arXiv},
  eprint    = {1502.03167},
  timestamp = {Wed, 07 Jun 2017 14:40:49 +0200},
  biburl    = {http://dblp.org/rec/bib/journals/corr/IoffeS15},
  bibsource = {dblp computer science bibliography, http://dblp.org}
}